<record><leader>00000cas a2200000 a 4500</leader><controlfield tag="001">11457664</controlfield><controlfield tag="008">841205d19121913ksuwr ne      0   a0eng d</controlfield><controlfield tag="009">3789</controlfield><datafield ind1=" " ind2=" " tag="010"><subfield code="a">sn 84030072 </subfield></datafield><datafield ind1=" " ind2=" " tag="040"><subfield code="a">KSH</subfield><subfield code="b">eng</subfield><subfield code="c">KSH</subfield><subfield code="d">NPT</subfield><subfield code="d">OCL</subfield></datafield><datafield ind1=" " ind2=" " tag="042"><subfield code="a">msc</subfield></datafield><datafield ind1="0" ind2="4" tag="245"><subfield code="a">The Gray County beacon.</subfield></datafield><datafield ind1=" " ind2=" " tag="260"><subfield code="a">Cimarron, Kan. :</subfield><subfield code="b">Gray County Beacon Printing and Pub. Co.,</subfield><subfield code="c">1912-</subfield></datafield><datafield ind1=" " ind2=" " tag="300"><subfield code="a">v. :</subfield><subfield code="b">ill. ;</subfield><subfield code="c">55 cm.</subfield></datafield><datafield ind1=" " ind2=" " tag="310"><subfield code="a">Weekly</subfield></datafield><datafield ind1="0" ind2=" " tag="362"><subfield code="a">Vol. 2, no. 24 (Jan. 4, 1912)-</subfield></datafield><datafield ind1="1" ind2=" " tag="362"><subfield code="a">Ceased with May 15, 1913 issue?</subfield></datafield><datafield ind1=" " ind2=" " tag="500"><subfield code="a">Publisher varies.</subfield></datafield><datafield ind1=" " ind2=" " tag="752"><subfield code="a">United States</subfield><subfield code="b">Kansas</subfield><subfield code="c">Gray</subfield><subfield code="d">Cimarron.</subfield></datafield><datafield ind1="0" ind2="0" tag="780"><subfield code="t">Ingalls beacon</subfield><subfield code="w">(DLC)sn 84030071</subfield></datafield></record>